<record><leader>00000cas a22000007a 4500</leader><controlfield tag="001">13499297</controlfield><controlfield tag="008">860426c19289999pauwr ne      0    0eng d</controlfield><datafield ind1=" " ind2=" " tag="010"><subfield code="a">sn 87080075 </subfield></datafield><datafield ind1=" " ind2=" " tag="040"><subfield code="a">NPH</subfield><subfield code="b">eng</subfield><subfield code="c">NPH</subfield><subfield code="d">OCLCQ</subfield></datafield><datafield ind1=" " ind2=" " tag="042"><subfield code="a">msc</subfield></datafield><datafield ind1="0" ind2=" " tag="130"><subfield code="a">Weekly bulletin (Dillsburg, Pa.)</subfield></datafield><datafield ind1="1" ind2="0" tag="245"><subfield code="a">Weekly bulletin.</subfield></datafield><datafield ind1=" " ind2=" " tag="260"><subfield code="a">Dillsburg, Pa. :</subfield><subfield code="b">Bulletin Pub. Co.,</subfield><subfield code="c">1928-</subfield></datafield><datafield ind1=" " ind2=" " tag="300"><subfield code="a">v. :</subfield><subfield code="b">ill.</subfield></datafield><datafield ind1=" " ind2=" " tag="310"><subfield code="a">Weekly</subfield></datafield><datafield ind1="0" ind2=" " tag="362"><subfield code="a">Vol. 53, no. 8 (Dec. 21, 1928)-</subfield></datafield><datafield ind1=" " ind2=" " tag="752"><subfield code="a">United States</subfield><subfield code="b">Pennsylvania</subfield><subfield code="c">York</subfield><subfield code="d">Dillsburg.</subfield></datafield><datafield ind1="0" ind2="0" tag="780"><subfield code="t">Weekly bulletin and tri-county farm news</subfield><subfield code="w">(DLC)sn 87080075</subfield></datafield></record>